@inproceedings{DBLP:conf/oopsla/2007,
  author    = {Bassem Elkarablieh and
               Sarfraz Khurshid and
               Duy Vu and
               Kathryn S. McKinley},
  title     = {Starc: static analysis for efficient repair of complex data.},
  booktitle = {Proceedings of the 22nd Annual {ACM} {SIGPLAN} Conference on Object-Oriented
               Programming, Systems, Languages, and Applications, {OOPSLA} 2007,
               October 21-25, 2007, Montreal, Quebec, Canada},
  year      = {2007},
  pages     = {387--404},
  crossref  = {DBLP:conf/oopsla/2007},
  url       = {http://doi.acm.org/10.1145/1297027.1297056},
  doi       = {10.1145/1297027.1297056},
  timestamp = {Wed, 03 Sep 2014 11:44:20 +0200},
  biburl    = {http://dblp.uni-trier.de/rec/bib/conf/oopsla/ElkarabliehKVM07},
  bibsource = {dblp computer science bibliography, http://dblp.org}
}

@inproceedings{DBLP:conf/gecco/2009g,
  author    = {Stephanie Forrest and
               ThanhVu Nguyen and
               Westley Weimer and
               Claire Le Goues},
  title     = {A genetic programming approach to automated software repair.},
  booktitle = {Genetic and Evolutionary Computation Conference, {GECCO} 2009, Proceedings,
               Montreal, Qu\'{e}bec, Canada, July 8-12, 2009},
  year      = {2009},
  pages     = {947--954},
  crossref  = {DBLP:conf/gecco/2009g},
  url       = {http://doi.acm.org/10.1145/1569901.1570031},
  doi       = {10.1145/1569901.1570031},
  timestamp = {Wed, 03 Sep 2014 11:46:42 +0200},
  biburl    = {http://dblp.uni-trier.de/rec/bib/conf/gecco/ForrestNWG09},
  bibsource = {dblp computer science bibliography, http://dblp.org}
}

@inproceedings{Korat,
  author    = {Chandrasekhar Boyapati and
               Sarfraz Khurshid and
               Darko Marinov},
  title     = {Korat: automated testing based on Java predicates.},
  booktitle = {{ISSTA}},
  year      = {2002},
  pages     = {123--133},
  url       = {http://doi.acm.org/10.1145/566172.566191},
  doi       = {10.1145/566172.566191},
  timestamp = {Wed, 03 Sep 2014 11:48:02 +0200},
  biburl    = {http://dblp.uni-trier.de/rec/bib/conf/issta/BoyapatiKM02},
  bibsource = {dblp computer science bibliography, http://dblp.org}
}

@article{DBLP:journals/cacm/WeimerFGN10,
  author    = {Westley Weimer and
               Stephanie Forrest and
               Claire Le Goues and
               ThanhVu Nguyen},
  title     = {Automatic program repair with evolutionary computation.},
  journal   = {Commun. {ACM}},
  year      = {2010},
  volume    = {53},
  number    = {5},
  pages     = {109--116},
  url       = {http://doi.acm.org/10.1145/1735223.1735249},
  doi       = {10.1145/1735223.1735249},
  timestamp = {Wed, 03 Sep 2014 11:49:18 +0200},
  biburl    = {http://dblp.uni-trier.de/rec/bib/journals/cacm/WeimerFGN10},
  bibsource = {dblp computer science bibliography, http://dblp.org}
}

@article{DBLP:journals/sttt/HavelundP00,
  author    = {Klaus Havelund and
               Thomas Pressburger},
  title     = {Model Checking {JAVA} Programs using {JAVA} PathFinder.},
  journal   = {{STTT}},
  year      = {2000},
  volume    = {2},
  number    = {4},
  pages     = {366--381},
  url       = {http://dx.doi.org/10.1007/s100090050043},
  doi       = {10.1007/s100090050043},
  timestamp = {Wed, 03 Sep 2014 11:51:38 +0200},
  biburl    = {http://dblp.uni-trier.de/rec/bib/journals/sttt/HavelundP00},
  bibsource = {dblp computer science bibliography, http://dblp.org}
}

@inproceedings{DBLP:conf/oopsla/LogozzoB12,
  author    = {Francesco Logozzo and
               Thomas Ball},
  title     = {Modular and verified automatic program repair.},
  booktitle = {Proceedings of the 27th Annual {ACM} {SIGPLAN} Conference on Object-Oriented
               Programming, Systems, Languages, and Applications, {OOPSLA} 2012,
               part of {SPLASH} 2012, Tucson, AZ, USA, October 21-25, 2012},
  year      = {2012},
  pages     = {133--146},
  crossref  = {DBLP:conf/oopsla/2012},
  url       = {http://doi.acm.org/10.1145/2384616.2384626},
  doi       = {10.1145/2384616.2384626},
  timestamp = {Wed, 03 Sep 2014 11:52:33 +0200},
  biburl    = {http://dblp.uni-trier.de/rec/bib/conf/oopsla/LogozzoB12},
  bibsource = {dblp computer science bibliography, http://dblp.org}
}


@inproceedings{DBLP:conf/sp/GovindavajhalaA03,
  author    = {Sudhakar Govindavajhala and
               Andrew W. Appel},
  title     = {Using Memory Errors to Attack a Virtual Machine.},
  booktitle = {2003 {IEEE} Symposium on Security and Privacy (S\&P 2003), 11-14
               May 2003, Berkeley, CA, {USA}},
  year      = {2003},
  pages     = {154--165},
  crossref  = {DBLP:conf/sp/2003},
  url       = {http://doi.ieeecomputersociety.org/10.1109/SECPRI.2003.1199334},
  doi       = {10.1109/SECPRI.2003.1199334},
  timestamp = {Wed, 03 Sep 2014 11:53:21 +0200},
  biburl    = {http://dblp.uni-trier.de/rec/bib/conf/sp/GovindavajhalaA03},
  bibsource = {dblp computer science bibliography, http://dblp.org}
}


@inproceedings{DBLP:conf/pldi/LongSR14,
  author    = {Fan Long and
               Stelios {Sidiroglou-Douskos} and
               Martin C. Rinard},
  title     = {Automatic runtime error repair and containment via recovery shepherding.},
  booktitle = {{ACM} {SIGPLAN} Conference on Programming Language Design and Implementation,
               {PLDI} '14, Edinburgh, United Kingdom - June 09 - 11, 2014},
  year      = {2014},
  pages     = {26},
  crossref  = {DBLP:conf/pldi/2014},
  url       = {http://doi.acm.org/10.1145/2594291.2594337},
  doi       = {10.1145/2594291.2594337},
  timestamp = {Wed, 03 Sep 2014 11:54:31 +0200},
  biburl    = {http://dblp.uni-trier.de/rec/bib/conf/pldi/LongSR14},
  bibsource = {dblp computer science bibliography, http://dblp.org}
}

@inproceedings{DBLP:conf/icse/Bodden10,
  author    = {Eric Bodden},
  title     = {Efficient hybrid typestate analysis by determining continuation-equivalent
               states.},
  booktitle = {Proceedings of the 32nd {ACM/IEEE} International Conference on Software
               Engineering - Volume 1, {ICSE} 2010, Cape Town, South Africa, 1-8
               May 2010},
  year      = {2010},
  pages     = {5--14},
  crossref  = {DBLP:conf/icse/2010-1},
  url       = {http://doi.acm.org/10.1145/1806799.1806805},
  doi       = {10.1145/1806799.1806805},
  timestamp = {Wed, 03 Sep 2014 11:56:57 +0200},
  biburl    = {http://dblp.uni-trier.de/rec/bib/conf/icse/Bodden10},
  bibsource = {dblp computer science bibliography, http://dblp.org}
}

@inproceedings{DBLP:conf/pldi/EomD12,
  author    = {Yong Hun Eom and
               Brian Demsky},
  title     = {Self-stabilizing Java.},
  booktitle = {{ACM} {SIGPLAN} Conference on Programming Language Design and Implementation,
               {PLDI} '12, Beijing, China - June 11 - 16, 2012},
  year      = {2012},
  pages     = {287--298},
  crossref  = {DBLP:conf/pldi/2012},
  url       = {http://doi.acm.org/10.1145/2254064.2254099},
  doi       = {10.1145/2254064.2254099},
  timestamp = {Wed, 03 Sep 2014 11:57:52 +0200},
  biburl    = {http://dblp.uni-trier.de/rec/bib/conf/pldi/EomD12},
  bibsource = {dblp computer science bibliography, http://dblp.org}
}


