@inproceedings{Patel:2009:CSS:1518701.1518709,
 author = {Patel, Neil and Agarwal, Sheetal and Rajput, Nitendra and Nanavati, Amit and Dave, Paresh and Parikh, Tapan S.},
 title = {A comparative study of speech and dialed input voice interfaces in rural India},
 booktitle = {Proceedings of the 27th international conference on Human factors in computing systems},
 series = {CHI '09},
 year = {2009},
 isbn = {978-1-60558-246-7},
 location = {Boston, MA, USA},
 pages = {51--54},
 numpages = {4},
 url = {http://doi.acm.org/10.1145/1518701.1518709},
 doi = {http://doi.acm.org/10.1145/1518701.1518709},
 acmid = {1518709},
 publisher = {ACM},
 address = {New York, NY, USA},
 keywords = {DTMF, ICTD, India, isolated word, rural development, semi-literate, speech interface, voice user interface},
}
@inproceedings{Lerer:2010:EID:1926180.1926183,
 author = {Lerer, Adam and Ward, Molly and Amarasinghe, Saman},
 title = {{Evaluation of IVR data collection UIs for untrained rural users}},
 booktitle = {Proceedings of the First ACM Symposium on Computing for Development},
 series = {ACM DEV '10},
 year = {2010},
 isbn = {978-1-4503-0473-3},
 location = {London, United Kingdom},
 pages = {2:1--2:8},
 articleno = {2},
 numpages = {8},
 url = {http://doi.acm.org/10.1145/1926180.1926183},
 doi = {http://doi.acm.org/10.1145/1926180.1926183},
 acmid = {1926183},
 publisher = {ACM},
 address = {New York, NY, USA},
} 
@inproceedings{grover2009,
author = {Sharma Grover, A, Stewart, O and Lubensky}, 
title = {Designing interactive voice response (IVR) interfaces: localisation for low literacy users.}, 
booktitle = {Proceedings of Computers and Advanced Technology in Education},
series = {CATE 2009},
year = {2009},
 address = {St Thomas, US Virgin Islands}, 
}
@book{Suhm,
 author = {Bernhard Suhm},
 editor ={Daryle Gardner-Bonneau, Harry E. Blanchard},
title = {IVR Usability Engineering Using Guidelines and Analyses of End-To-End Calls},
 booktitle = {Human Factors and Voice Interactive Systems Second},
 year = {2008},
 isbn = {978-0-387-25482-1},
 publisher = {Springer},
edition = {2nd},
} 
@INPROCEEDINGS{Bagga_callcenter,
    author = {Amit Bagga and Jon Bentley},
    title = {Call center customer verification by querydirected passwords},
    booktitle = {8 th Int. Financial Cryptography Conference},
    year = {},
    pages = {9--12}
} 
@inproceedings{Perugini:2007:SOI:1240624.1240770,
 author = {Perugini, Saverio and Anderson, Taylor J. and Moroney, William F.},
 title = {A study of out-of-turn interaction in menu-based, IVR, voicemail systems},
 booktitle = {Proceedings of the SIGCHI conference on Human factors in computing systems},
 series = {CHI '07},
 year = {2007},
 isbn = {978-1-59593-593-9},
 location = {San Jose, California, USA},
 pages = {961--970},
 numpages = {10},
 url = {http://doi.acm.org/10.1145/1240624.1240770},
 doi = {http://doi.acm.org/10.1145/1240624.1240770},
 acmid = {1240770},
 publisher = {ACM},
 address = {New York, NY, USA},
 keywords = {automated telephone services (ATS), automatic speech recognition (ASR), interactive voice-response systems (IVRs), mixed-initiative interaction, out-of-turn interaction, speech user interfaces, usability, user studies},
}
@inproceedings{Li:2008:BEA:1357054.1357273,
 author = {Li, Kevin A. and Baudisch, Patrick and Hinckley, Ken},
 title = {Blindsight: eyes-free access to mobile phones},
 booktitle = {Proceeding of the twenty-sixth annual SIGCHI conference on Human factors in computing systems},
 series = {CHI '08},
 year = {2008},
 isbn = {978-1-60558-011-1},
 location = {Florence, Italy},
 pages = {1389--1398},
 numpages = {10},
 url = {http://doi.acm.org/10.1145/1357054.1357273},
 doi = {http://doi.acm.org/10.1145/1357054.1357273},
 acmid = {1357273},
 publisher = {ACM},
 address = {New York, NY, USA},
 keywords = {devices, eyes-free, mobile phone, non-speech audio, user interfaces},
}
@article{Dean,
author = {Dwane H. Dean},
title = {What's wrong with IVR self-service},
journal = { Managing Service Quality},
volume = {18},
year = {2008},
pages = {594-609},
publisher = {Emerald Group Publishing Limited},
} 
@article{Lee_speechversus,
  author    = {Kwan Min Lee and
               Jennifer C. Lai},
  title     = {Speech Versus Touch: A Comparative Study of the Use of Speech
               and DTMF Keypad for Navigation},
  journal   = {International Journal of Human Computer Interaction},
  volume    = {19},
  number    = {3},
  year      = {2005},
  pages     = {343-360},
  publisher = {IJHCI},
  url = {http://dx.doi.org/10.1207/s15327590ijhc1903_4},
  bibsource = {DBLP, http://dblp.uni-trier.de},
}
@inproceedings{Hornstein94telephonevoice,
    author = {Thomas Hornstein},
    title = {Telephone Voice Interfaces on the Cheap},
    booktitle = {Union Bank of Switzerland, UVK Informatik},
    year = {1994}, 
    address = {Zurich}, 
   pages = {134--146},
}
@inproceedings{Resnick:1992:SSC:142750.142881,
 author = {Resnick, Paul and Virzi, Robert A.},
 title = {Skip and scan: cleaning up telephone interface},
 booktitle = {Proceedings of the SIGCHI conference on Human factors in computing systems},
 series = {CHI '92},
 year = {1992},
 isbn = {0-89791-513-5},
 location = {Monterey, California, United States},
 pages = {419--426},
 numpages = {8},
 url = {http://doi.acm.org/10.1145/142750.142881},
 doi = {http://doi.acm.org/10.1145/142750.142881},
 acmid = {142881},
 publisher = {ACM},
 address = {New York, NY, USA},
 keywords = {audiotex, interactive voice response, menu, phone-based interface, semi-structure, telephone form},
} 
@MISC{Interfaces_perceptualand,
    author = {A. K. A. Phone-based Interfaces and Jacek Gwizdka},
    title = {Perceptual and Cognitive Limitations of Interactive Voice-Response Systems},
    year = {}
}
@inproceedings{Patel:2010:AOF:1753326.1753434,
 author = {Patel, Neil and Chittamuru, Deepti and Jain, Anupam and Dave, Paresh and Parikh, Tapan S.},
 title = {Avaaj Otalo: a field study of an interactive voice forum for small farmers in rural India},
 booktitle = {Proceedings of the 28th international conference on Human factors in computing systems},
 series = {CHI '10},
 year = {2010},
 isbn = {978-1-60558-929-9},
 location = {Atlanta, Georgia, USA},
 pages = {733--742},
 numpages = {10},
 url = {http://doi.acm.org/10.1145/1753326.1753434},
 doi = {http://doi.acm.org/10.1145/1753326.1753434},
 acmid = {1753434},
 publisher = {ACM},
 address = {New York, NY, USA},
 keywords = {ictd, india, ivr, voice forum, voice user interface},
} 
@INPROCEEDINGS{Sherwani_healthline:speech-based, 
author={Sherwani, J. and Ali, N. and Mirza, S. and Fatma, A. and Memon, Y. and Karim, M. and Tongia, R. and Rosenfeld, R.}, 
booktitle={Information and Communication Technologies and Development, 2007. ICTD 2007. International Conference on}, title={HealthLine: Speech-based access to health information by low-literate users}, 
year={2007}, 
month={dec.}, 
publisher= {IEEE},
volume={}, 
number={}, 
pages={1 -9}, 
keywords={HealthLine;community health programs;health information access;rural health center;speech-based access;health care;information retrieval;medical information systems;speech processing;}, 
doi={10.1109/ICTD.2007.4937399}, 
ISSN={},
}
@inproceedings{Sambasivan:2011:DPB:1978942.1978980,
 author = {Sambasivan, Nithya and Weber, Julie and Cutrell, Edward},
 title = {Designing a phone broadcasting system for urban sex workers in India},
 booktitle = {Proceedings of the 2011 annual conference on Human factors in computing systems},
 series = {CHI '11},
 year = {2011},
 isbn = {978-1-4503-0228-9},
 location = {Vancouver, BC, Canada},
 pages = {267--276},
 numpages = {10},
 url = {http://doi.acm.org/10.1145/1978942.1978980},
 doi = {http://doi.acm.org/10.1145/1978942.1978980},
 acmid = {1978980},
 publisher = {ACM},
 address = {New York, NY, USA},
 keywords = {HCI4D, ICT4D, India, M4D, urban sex workers},
} 
